<record><leader>00000cas a2200000 a 4500</leader><controlfield tag="001">6639390</controlfield><controlfield tag="008">800820d18231828mauwr ne      0    0eng c</controlfield><datafield ind1=" " ind2=" " tag="010"><subfield code="a">sn 91063068 </subfield></datafield><datafield ind1=" " ind2=" " tag="040"><subfield code="a">BTI</subfield><subfield code="b">eng</subfield><subfield code="c">BTI</subfield><subfield code="d">NYG</subfield><subfield code="d">DLC</subfield><subfield code="d">OCL</subfield><subfield code="d">NVH</subfield><subfield code="d">ONP</subfield><subfield code="d">NYS</subfield><subfield code="d">OCL</subfield><subfield code="d">ATL</subfield><subfield code="d">GUA</subfield><subfield code="d">HEBIS</subfield><subfield code="d">DLC</subfield><subfield code="d">OCLCQ</subfield><subfield code="d">OCLCF</subfield><subfield code="d">OCLCO</subfield></datafield><datafield ind1="7" ind2=" " tag="016"><subfield code="a">82875-0</subfield><subfield code="2">DE-600</subfield></datafield><datafield ind1="1" ind2=" " tag="029"><subfield code="a">AU@</subfield><subfield code="b">000020124634</subfield></datafield><datafield ind1="1" ind2=" " tag="029"><subfield code="a">HEBIS</subfield><subfield code="b">04709088X</subfield></datafield><datafield ind1=" " ind2=" " tag="042"><subfield code="a">pcc</subfield></datafield><datafield ind1=" " ind2=" " tag="043"><subfield code="a">n-usn--</subfield></datafield><datafield ind1=" " ind2=" " tag="090"><subfield code="a">BX8201</subfield></datafield><datafield ind1="0" ind2=" " tag="130"><subfield code="a">Zion's herald (Boston, Mass. : 1823)</subfield></datafield><datafield ind1="1" ind2="0" tag="245"><subfield code="a">Zion's herald.</subfield></datafield><datafield ind1=" " ind2=" " tag="260"><subfield code="a">Boston [Mass.] :</subfield><subfield code="b">Moore and Prowse,</subfield><subfield code="c">1823-1828.</subfield></datafield><datafield ind1=" " ind2=" " tag="300"><subfield code="a">v.</subfield></datafield><datafield ind1=" " ind2=" " tag="310"><subfield code="a">Weekly</subfield></datafield><datafield ind1="0" ind2=" " tag="362"><subfield code="a">Vol. 1, no. 1 (Jan. 9, 1823)-v. 6, no. 35 (Aug. 27, 1828).</subfield></datafield><datafield ind1=" " ind2=" " tag="530"><subfield code="a">Also issued on microfilm by American Theological Library Association; also issue online.</subfield></datafield><datafield ind1=" " ind2=" " tag="550"><subfield code="a">Issued for the New England Conference of the Methodist Episcopal Church, 1824-1828 and of the Maine Conference, July 27, 1825-1828.</subfield></datafield><datafield ind1=" " ind2=" " tag="580"><subfield code="a">Merged with: Christian advocate and journal, to form: Christian advocate and journal and Zion's herald.</subfield></datafield><datafield ind1=" " ind2="0" tag="650"><subfield code="a">Methodist Church</subfield><subfield code="z">New England</subfield><subfield code="v">Newspapers.</subfield></datafield><datafield ind1=" " ind2="7" tag="655"><subfield code="a">Newspapers.</subfield><subfield code="2">fast</subfield><subfield code="0">(OCoLC)fst01423814</subfield></datafield><datafield ind1=" " ind2="7" tag="650"><subfield code="a">Methodist Church.</subfield><subfield code="2">fast</subfield><subfield code="0">(OCoLC)fst01018643</subfield></datafield><datafield ind1=" " ind2="7" tag="651"><subfield code="a">New England.</subfield><subfield code="2">fast</subfield><subfield code="0">(OCoLC)fst01241913</subfield></datafield><datafield ind1="2" ind2=" " tag="710"><subfield code="a">Methodist Episcopal Church.</subfield><subfield code="b">New England Conference.</subfield></datafield><datafield ind1="2" ind2=" " tag="710"><subfield code="a">Methodist Episcopal Church.</subfield><subfield code="b">Maine Conference.</subfield></datafield><datafield ind1=" " ind2=" " tag="752"><subfield code="a">United States</subfield><subfield code="b">Massachusetts</subfield><subfield code="c">Suffolk</subfield><subfield code="d">Boston.</subfield></datafield><datafield ind1="1" ind2=" " tag="776"><subfield code="c">Microfilm</subfield><subfield code="d">American Theological Library Association</subfield><subfield code="w">(DLC)   00221147</subfield><subfield code="w">(OCoLC)46371600</subfield></datafield><datafield ind1="1" ind2=" " tag="776"><subfield code="t">Zion's herald (Boston, Mass. : 1823)</subfield><subfield code="w">(DLC)sf 89090991</subfield><subfield code="w">(OCoLC)9346563</subfield></datafield><datafield ind1="1" ind2=" " tag="776"><subfield code="t">Zion's herald (Boston, Mass. : 1823 : Online)</subfield><subfield code="w">(DLC)  2007233803</subfield><subfield code="w">(OCoLC)71295887</subfield></datafield><datafield ind1="1" ind2="7" tag="785"><subfield code="t">Christian advocate and journal (New York, N.Y. : 1827)</subfield><subfield code="x">2157-5479</subfield><subfield code="w">(DLC)   00221079</subfield><subfield code="w">(OCoLC)6663698</subfield></datafield><datafield ind1="1" ind2="7" tag="785"><subfield code="t">Christian advocate and journal and Zion's herald</subfield><subfield code="x">2157-5673</subfield><subfield code="w">(DLC)sn 91063067</subfield><subfield code="w">(OCoLC)6639433</subfield></datafield><datafield ind1="4" ind2="1" tag="856"><subfield code="u">http://proquest.umi.com/pqdweb</subfield></datafield></record>